% Akasha
@inproceedings{msm,
	title={Moment Shadow Mapping},
	author={Peters, Christoph and Klein, Reinhard},
	booktitle={Proceedings of the 19th Symposium on Interactive 3D Graphics and Games},
	pages={7--14},
	year={2015},
	organization={ACM}
}
@inproceedings{donnelly2006variance,
	title={Variance Shadow Maps},
	author={Donnelly, William and Lauritzen, Andrew},
	booktitle={Proceedings of the 2006 symposium on Interactive 3D graphics and games},
	pages={161--165},
	year={2006},
	organization={ACM}
}
@inproceedings{reeves1987rendering,
	title={Rendering Antialiased Shadows with Depth Maps},
	author={Reeves, William T and Salesin, David H and Cook, Robert L},
	booktitle={ACM Siggraph Computer Graphics},
	volume={21},
	number={4},
	pages={283--291},
	year={1987},
	organization={ACM}
}
@online{nvidiavsm,
	author = {Engel, Wolfgang},
	title = {Compute Shader Optimizations for AMD GPUs: Parallel Reduction},
	year = 2008,
	url = {http://http.developer.nvidia.com/GPUGems3/gpugems3_ch08.html},
	urldate = {2016-03-10}
}


% Jonas
@inproceedings{voPaper,
	title={Volumetric Obscurance},
	author={Loos, Bradford James and Sloan, Peter-Pike},
	booktitle={Proceedings of the 2010 ACM SIGGRAPH symposium on Interactive 3D Graphics and Games},
	pages={151--156},
	year={2010},
	organization={ACM}
}

@article{aoPaper,
  title={Production-ready global illumination},
  author={Landis, Hayden},
  journal={Siggraph course notes},
  volume={16},
  number={2002},
  pages={11},
  year={2002},
  publisher={sn}
}

@inproceedings{cry2Paper,
  title={Finding next gen: Cryengine 2},
  author={Mittring, Martin},
  booktitle={ACM SIGGRAPH 2007 courses},
  pages={97--121},
  year={2007},
  organization={ACM}
}


% Tom
@inproceedings{sdsm,
	title={Sample Distribution Shadow Maps},
	author={Lauritzen, Andrew and Salvi, Marco and Lefohn, Aaron},
	booktitle={Symposium on Interactive 3D Graphics and Games},
	pages={97--102},
	year={2011},
	organization={ACM}
}
@inproceedings{pssm,
	title={Parallel-split shadow maps for large-scale virtual environments},
	author={Zhang, Fan and Sun, Hanqiu and Xu, Leilei and Lun, Lee Kit},
	booktitle={Proceedings of the 2006 ACM international conference on Virtual reality continuum and its applications},
	pages={311--318},
	year={2006},
	organization={ACM}
}
@article{csm,
	title={Cascaded Shadow Maps},
	author={Dimitrov, Rouslan},
	journal={Developer Documentation, NVIDIA Corp},
	year={2007}
}
@inproceedings{zpart,
	title={Warping and Partitioning for Low Error Shadow Maps.},
	author={Lloyd, Brandon and Tuft, David and Yoon, Sung-eui and Manocha, Dinesh},
	booktitle={Rendering Techniques},
	pages={215--226},
	year={2006}
}

@inproceedings{asm,
	title={Adaptive Shadow Maps},
	author={Fernando, Randima and Fernandez, Sebastian and Bala, Kavita and Greenberg, Donald P},
	booktitle={Proceedings of the 28th annual conference on Computer graphics and interactive techniques},
	pages={387--390},
	year={2001},
	organization={ACM}
}
@article{rmsm,
	title={Resolution-Matched Shadow Maps},
	author={Lefohn, Aaron E and Sengupta, Shubhabrata and Owens, John D},
	journal={ACM Transactions on Graphics (TOG)},
	volume={26},
	number={4},
	pages={20},
	year={2007},
	publisher={ACM}
}
@article{irregular,
	title={The Irregular Z-Buffer: Hardware Acceleration for Irregular Data Structures},
	author={Johnson, Gregory S and Lee, Juhyun and Burns, Christopher A and Mark, William R},
	journal={ACM Transactions on Graphics (TOG)},
	volume={24},
	number={4},
	pages={1462--1482},
	year={2005},
	publisher={ACM}
}

@unmpublished{mbvo,
	title={Moment Based Volumetric Obscurance},
	author={Christoph Peters},
	year={2016}
}
@online{reduction,
	author = {Engel, Wolfgang},
	title = {Compute Shader Optimizations for AMD GPUs: Parallel Reduction},
	year = 2014,
	url = {http://diaryofagraphicsprogrammer.blogspot.de/2014/03/compute-shader-optimizations-for-amd.html},
	urldate = {2016-03-09}
}
